
@inproceedings{kim_tracing_2010,
	title = {Tracing genealogical data with timenets},
	booktitle = {Proceedings of the International Conference on Advanced Visual Interfaces},
	author = {Kim, Nam Wook and Card, Stuart K. and Heer, Jeffrey},
	year = {2010},
	pages = {241--248}
}

@inproceedings{ogawa_software_2010,
	title = {Software evolution storylines},
	booktitle = {Proceedings of the International Symposium on Software Visualization},
	author = {Ogawa, Michael and Ma, Kwan-Liu},
	year = {2010},
	pages = {35--42},
}

@inproceedings{burch_matrix-based_2013,
	title = {A matrix-based visualization for exploring dynamic compound digraphs},
	booktitle = {Proceedings of the International Conference on Information Visualisation},
	author = {Burch, Michael and Schmidt, Benjamin and Weiskopf, Daniel},
	year = {2013},
	pages = {66--73}
}

@article{brehmer_multi_2013,
	title={A multi-level typology of abstract visualization tasks},
	volume={19},
	number={12},
	journal={IEEE Transactions on Visualization and Computer Graphics},
	author={Brehmer, Matthew and Munzner, Tamara},
	year={2013},
	pages={2376--2385},
	publisher={IEEE}
}

@article{yi_timematrix_2010,
	title = {TimeMatrix: Analyzing temporal social networks using interactive matrix-based visualizations},
	volume = {26},
	number = {11-12},
	journal = {International Journal of Human–-Computer Interaction},
	author = {Yi, Ji Soo and Elmqvist, Niklas and Lee, Seungyoon},
	year = {2010},
	pages = {1031--1051}
}

@article{brandes_asymmetric_2011,
	title = {Asymmetric relations in longitudinal social networks},
	volume = {17},
	number = {12},
	journal = {IEEE Transactions on Visualization and Computer Graphics},
	author = {Brandes, Ulrik and Nick, Bobo},
	year = {2011},
	pages = {2283--2290}
}

@inproceedings{stein_pixel-oriented_2010,
	title = {Pixel-oriented visualization of change in social networks},
	booktitle = {Proceedings of the International Conference on Advances in Social Networks Analysis and Mining},
	author = {Stein, Klaus and Wegener, René and Schlieder, Christoph},
	year = {2010},
	pages = {233--240}
}

@inproceedings{vehlow_radial_2013,
	title = {Radial layered matrix visualization of dynamic graphs},
	booktitle = {Proceedings of the International Conference on Information Visualisation},
	author = {Vehlow, Corinna and Burch, Michael and Schmauder, Hansjorg and Weiskopf, Daniel},
	year = {2013},
	pages = {51--58}
}


@inproceedings{burch_timeradartrees_2008,
	title = {TimeRadarTrees: Visualizing dynamic compound digraphs},
	shorttitle = {TimeRadarTrees},
	booktitle = {Proceedings of the Computer Graphics Forum},
	author = {Burch, Michael and Diehl, Stephan},
	year = {2008},
	pages = {823--830}
}

@inproceedings{burch_layered_2011,
	title = {Layered timeRadarTrees},
	booktitle = {Proceedings of the International Conference on Information Visualisation},
	author = {Burch, Michael and Hoferlin, Markus and Weiskopf, Daniel},
	year = {2011},
	pages = {18--25}
	
}

@inproceedings{bach_visualizing_2014,
	title = {Visualizing dynamic networks with matrix cubes},
	booktitle = {Proceedings of the SIGCHI Conference on Human Factors in Computing Systems},
	author = {Bach, Benjamin and Pietriga, Emmanuel and Fekete, Jean-Daniel},
	year = {2014},
	pages = {877--886}
	
}

@article{du_coping_2016,
	title = {Coping with volume and variety in temporal event sequences: Strategies for sharpening analytic focus},
	volume = {23},
	number = {6},
	journal = {IEEE Transactions on Visualization and Computer Graphics},
	author = {Du, Fan and Shneiderman, Ben and Plaisant, Catherine and Malik, Sana and Perer, Adam},
	year = {2016},
	pages = {1636--1649}
}

@article{chen_survey_2015,
	title = {A survey of traffic data visualization},
	volume = {16},
	number = {6},
	journal = {IEEE Transactions on Intelligent Transportation Systems},
	author = {Chen, Wei and Guo, Fangzhou and Wang, Fei-Yue},
	year = {2015},
	pages = {2970--2984}
}

@article{tang_istoryline_2018,
	title = {iStoryline: Effective convergence to hand-drawn storylines},
	volume = {25},
	number = {1},
	journal = {IEEE Transactions on Visualization and Computer Graphics},
	author = {Tang, Tan and Rubab, Sadia and Lai, Jiewen and Cui, Weiwei and Yu, Lingyun and Wu, Yingcai},
	year = {2018},
	pages = {769--778}
}

@inproceedings{wongsuphasawat_lifeflow_2011,
	title = {LifeFlow: Visualizing an overview of event sequences},
	booktitle = {Proceedings of the SIGCHI Conference on Human Factors in Computing Systems},
	author = {Wongsuphasawat, Krist and Guerra Gómez, John Alexis and Plaisant, Catherine and Wang, Taowei David and Taieb-Maimon, Meirav and Shneiderman, Ben},
	year = {2011},
	pages = {1747--1756}
}

@article{monroe_temporal_2013,
	title = {Temporal event sequence simplification},
	volume = {19},
	number = {12},
	journal = {IEEE Transactions on Visualization and Computer Graphics},
	author = {Monroe, Megan and Lan, Rongjian and Lee, Hanseung and Plaisant, Catherine and Shneiderman, Ben},
	year = {2013},
	pages = {2227--2236}
}

@inproceedings{kwon_peekquence_2016,
	title = {Peekquence: Visual analytics for event sequence data},
	booktitle = {Proceedings of the ACM SIGKDD Workshop on Interactive Data Exploration and Analytics},
	author = {Kwon, Bum Chul and Verma, Janu and Perer, Adam},
	year = {2016},
	pages = {1--4}

}

@article{zhang_idmvis_2018,
	title = {IDMVis: Temporal event sequence visualization for type 1 diabetes treatment decision support},
	volume = {25},
	number = {1},
	journal = {IEEE Transactions on Visualization and Computer Graphics},
	author = {Zhang, Yixuan and Chanana, Kartik and Dunne, Cody},
	year = {2018},
	pages = {512--522}
}

@article{di_bartolomeo_s_2020,
	title = {Sequence Braiding: Visual Overviews of Temporal Event Sequences and Attributes},
	volume = {27},
	number = {2},
	journal = {IEEE Transactions on Visualization and Computer Graphics},
	author = {Di Bartolomeo, Sara and Zhang, Yixuan and Sheng, Fangfang and Dunne, Cody},
	year = {2020},
	pages = {1353--1363}
}

@inproceedings{zhang_evaluating_2019,
	title = {Evaluating alignment approaches in superimposed time-series and temporal event-sequence visualizations},
	booktitle = {Proceedings of the IEEE Visualization Conference},
	author = {Zhang, Yixuan and Di Bartolomeo, Sara and Sheng, Fangfang and Jimison, Holly and Dunne, Cody},
	year = {2019},
	pages = {1--5}
}

@article{fulda_timelinecurator_2015,
	title = {TimeLineCurator: Interactive authoring of visual timelines from unstructured text},
	volume = {22},
	number = {1},
	journal = {IEEE Transactions on Visualization and Computer Graphics},
	author = {Fulda, Johanna and Brehmer, Matthew and Munzner, Tamara},
	year = {2015},
	pages = {300--309}
}

@article{gad_themedelta_2015,
	title = {ThemeDelta: Dynamic segmentations over temporal topic models},
	volume = {21},
	number = {5},
	journal = {IEEE Transactions on Visualization and Computer Graphics},
	author = {Gad, Samah and Javed, Waqas and Ghani, Sohaib and Elmqvist, Niklas and Ewing, Tom and Hampton, Keith N. and Ramakrishnan, Naren},
	year = {2015},
	pages = {672--685}
}

@article{li_semantics-space-time_2018,
	title = {Semantics-space-time cube: A conceptual framework for systematic analysis of texts in space and time},
	volume = {26},
	number = {4},
	journal = {IEEE Transactions on Visualization and Computer Graphics},
	author = {Li, Jie and Chen, Siming and Chen, Wei and Andrienko, Gennady and Andrienko, Natalia},
	year = {2018},
	pages = {1789--1806}
}

@article{luo_eventriver_2010,
	title = {Eventriver: Visually exploring text collections with temporal references},
	volume = {18},
	number = {1},
	journal = {IEEE Transactions on Visualization and Computer Graphics},
	author = {Luo, Dongning and Yang, Jing and Krstajic, Milos and Ribarsky, William and Keim, Daniel},
	year = {2010},
	pages = {93--105}
}

@article{tang_plotthread_2020,
	title = {Plotthread: Creating expressive storyline visualizations using reinforcement learning},
	volume = {27},
	number = {2},
	journal = {IEEE Transactions on Visualization and Computer Graphics},
	author = {Tang, Tan and Li, Renzhong and Wu, Xinke and Liu, Shuhan and Knittel, Johannes and Koch, Steffen and Ertl, Thomas and Yu, Lingyun and Ren, Peiran and Wu, Yingcai},
	year = {2020},
	pages = {294--303}
}

@article{tong_storytelling_2018,
	title = {Storytelling and {V}isualization: An extended survey},
	volume = {9},
	number = {3},
	journal = {Information},
	author = {Tong, Chao and Roberts, Richard and Borgo, Rita and Walton, Sean and Laramee, Robert S. and Wegba, Kodzo and Lu, Aidong and Wang, Yun and Qu, Huamin and Luo, Qiong},
	year = {2018},
	pages = {65}
}

@article{pena-araya_hyperstorylines_2022,
	title = {HyperStorylines: Interactively untangling dynamic hypergraphs},
	journal = {Information Visualization},
	author = {Pena-Araya, Vanessa and Xue, Tong and Pietriga, Emmanuel and Amsaleg, Laurent and Bezerianos, Anastasia},
	year = {2022},
	
}

@article{chen_supporting_2018,
	title = {Supporting story synthesis: Bridging the gap between visual analytics and storytelling},
	volume = {26},
	number = {7},
	journal = {IEEE Transactions on Visualization and Computer Graphics},
	author = {Chen, Siming and Li, Jie and Andrienko, Gennady and Andrienko, Natalia and Wang, Yun and Nguyen, Phong H. and Turkay, Cagatay},
	year = {2018},
	pages = {2499--2516}
}

@article{jacobsen_metrosets_2020,
	title = {Metrosets: Visualizing sets as metro maps},
	volume = {27},
	number = {2},
	journal = {IEEE Transactions on Visualization and Computer Graphics},
	author = {Jacobsen, Ben and Wallinger, Markus and Kobourov, Stephen and Nöllenburg, Martin},
	year = {2020},
	pages = {1257--1267}
}

@article{padia_system_2019,
	title = {A system for generating storyline visualizations using hierarchical task network planning},
	volume = {78},
	journal = {Computers \& Graphics},
	author = {Padia, Kalpesh and Bandara, Kaveen Herath and Healey, Christopher G.},
	year = {2019},
	pages = {64--75}
}

@article{kopp_temporal_2018,
	title = {Temporal treemaps: Static visualization of evolving trees},
	volume = {25},
	number = {1},
	journal = {IEEE Transactions on Visualization and Computer Graphics},
	author = {Köpp, Wiebke and Weinkauf, Tino},
	year = {2018},
	pages = {534--543}
}

@article{baumgartl_search_2020,
	title = {In search of patient zero: Visual analytics of pathogen transmission pathways in hospitals},
	volume = {27},
	number = {2},
	journal = {IEEE Transactions on Visualization and Computer Graphics},
	author = {Baumgartl, Tom and Petzold, Markus and Wunderlich, Marcel and Hohn, M. and Archambault, Daniel and Lieser, M. and Dalpke, A. and Scheithauer, Simone and Marschollek, Michael and Eichel, V. M.},
	year = {2020},
	pages = {711--721}
}

@article{vosough_parallel_2018,
	title = {Parallel hierarchies: A visualization for cross-tabulating hierarchical categories},
	volume = {76},
	journal = {Computers \& Graphics},
	author = {Vosough, Zana and Hogräfer, Marius and Royer, Loïc A. and Groh, Rainer and Schulz, Hans-Jörg},
	year = {2018},
	pages = {1--17}
}

@inproceedings{watson_storyprint_2019,
	title = {Storyprint: An interactive visualization of stories},
	booktitle = {Proceedings of the International Conference on Intelligent User Interfaces},
	author = {Watson, Katie and Sohn, Samuel S. and Schriber, Sasha and Gross, Markus and Muniz, Carlos Manuel and Kapadia, Mubbasir},
	year = {2019},
	pages = {303--311}
}

@article{bolte_splitstreams_2020,
	title = {SplitStreams: A visual metaphor for evolving hierarchies},
	volume = {27},
	number = {8},
	journal = {IEEE Transactions on Visualization and Computer Graphics},
	author = {Bolte, Fabian and Nourani, Mahsan and Ragan, Eric D. and Bruckner, Stefan},
	year = {2020},
	pages = {3571--3584}
}

@article{magallanes_sequen-c_2021,
	title = {Sequen-C: A {m}ultilevel {o}verview of {t}emporal {e}vent {s}equences},
	journal = {IEEE Transactions on Visualization and Computer Graphics},
	author = {Magallanes, Jessica and Stone, Tony and Morris, Paul D. and Mason, Suzanne and Wood, Steven and Villa-Uriol, Maria-Cruz},
	year = {2021},
}

@inproceedings{di_bartolomeo_evaluating_2020,
	title = {Evaluating the effect of timeline shape on visualization task performance},
	booktitle = {Proceedings of the CHI Conference on Human Factors in Computing Systems},
	author = {Di Bartolomeo, Sara and Pandey, Aditeya and Leventidis, Aristotelis and Saffo, David and Syeda, Uzma Haque and Carstensdottir, Elin and Seif El-Nasr, Magy and Borkin, Michelle A. and Dunne, Cody},
	year = {2020},
	pages = {1--12}
}

@article{guo_visual_2018,
	title = {Visual progression analysis of event sequence data},
	volume = {25},
	number = {1},
	journal = {IEEE Transactions on Visualization and Computer Graphics},
	author = {Guo, Shunan and Jin, Zhuochen and Gotz, David and Du, Fan and Zha, Hongyuan and Cao, Nan},
	year = {2018},
	pages = {417--426}
}

@article{zhang_visual_2022,
	title = {Visual reasoning for uncertainty in spatio-temporal events of historical figures},
	journal = {IEEE Transactions on Visualization and Computer Graphics},
	author = {Zhang, Wei and Tan, Siwei and Chen, Siming and Meng, Linhao and Zhang, Tianye and Zhu, Rongchen and Chen, Wei},
	year = {2022},
}

@article{guo_survey_2021,
	title = {A survey on visual analysis of event sequence data},
	journal = {IEEE Transactions on Visualization and Computer Graphics},
	author = {Guo, Yi and Guo, Shunan and Jin, Zhuochen and Kaul, Smiti and Gotz, David and Cao, Nan},
	year = {2021},
}

@article{sun_survey_2013,
	title = {A survey of visual analytics techniques and applications: State-of-the-art research and future challenges},
	volume = {28},
	number = {5},
	journal = {Journal of Computer Science and Technology},
	author = {Sun, Guo-Dao and Wu, Ying-Cai and Liang, Rong-Hua and Liu, Shi-Xia},
	year = {2013},
	pages = {852--867}
}

@article{burch_parallel_2011,
	title = {Parallel edge splatting for scalable dynamic graph visualization},
	volume = {17},
	number = {12},
	journal = {IEEE Transactions on Visualization and Computer Graphics},
	author = {Burch, Michael and Vehlow, Corinna and Beck, Fabian and Diehl, Stephan and Weiskopf, Daniel},
	year = {2011},
	pages = {2344--2353}
}

@article{frishman_online_2008,
	title = {Online dynamic graph drawing},
	volume = {14},
	number = {4},
	journal = {IEEE Transactions on Visualization and Computer Graphics},
	author = {Frishman, Yaniv and Tal, Ayellet},
	year = {2008},
	pages = {727--740}
}

@article{tamassia_automatic_1988,
	title = {Automatic graph drawing and readability of diagrams},
	volume = {18},
	number = {1},
	journal = {IEEE Transactions on Systems, Man, and Cybernetics},
	author = {Tamassia, Roberto and Di Battista, Giuseppe and Batini, Carlo},
	year = {1988},
	pages = {61--79}
}

@article{tanahashi_design_2012,
	title = {Design considerations for optimizing storyline visualizations},
	volume = {18},
	number = {12},
	journal = {IEEE Transactions on Visualization and Computer Graphics},
	author = {Tanahashi, Yuzuru and Ma, Kwan-Liu},
	year = {2012},
	pages = {2679--2688}
}

@article{y_tanahashi_efficient_2015,
	title = {An efficient framework for generating storyline visualizations from streaming dat},
	volume = {21},
	number = {6},
	journal = {IEEE Transactions on Visualization and Computer Graphics},
	author = {Y. Tanahashi, C. H. Hsueh,  and Ma, K.-L.},
	year = {2015},
	pages = {730--742}
}

@article{liu_storyflow_2013,
	title = {Storyflow: Tracking the evolution of stories},
	volume = {19},
	number = {12},
	journal = {IEEE Transactions on Visualization and Computer Graphics},
	author = {Liu, Shixia and Wu, Yingcai and Wei, Enxun and Liu, Mengchen and Liu, Yang},
	year = {2013},
	pages = {2436--2445}
}

@article{shi_rankexplorer_2012,
	title = {Rankexplorer: Visualization of ranking changes in large time series data},
	volume = {18},
	number = {12},
	journal = {IEEE Transactions on Visualization and Computer Graphics},
	author = {Shi, Conglei and Cui, Weiwei and Liu, Shixia and Xu, Panpan and Chen, Wei and Qu, Huamin},
	year = {2012},
	pages = {2669--2678}
}

@article{luo_eventriver_2010-1,
	title = {Eventriver: Visually exploring text collections with temporal references},
	volume = {18},
	number = {1},
	journal = {IEEE Transactions on Visualization and Computer Graphics},
	author = {Luo, Dongning and Yang, Jing and Krstajic, Milos and Ribarsky, William and Keim, Daniel},
	year = {2010},
	pages = {93--105}
}

@article{bolte_splitstreams_2020-1,
	title = {Splitstreams: A visual metaphor for evolving hierarchies},
	volume={27},
	number={8},
	journal = {IEEE Transactions on Visualization and Computer Graphics},
	author = {Bolte, Fabian and Nourani, Mahsan and Ragan, Eric D and Bruckner, Stefan},
	year = {2020},
	pages = {93--105}
}

@article{ragan_characterizing_2015,
	title = {Characterizing provenance in visualization and data analysis: An organizational framework of provenance types and purposes},
	volume = {22},
	number = {1},
	journal = {IEEE Transactions on Visualization and Computer Graphics},
	author = {Ragan, Eric D and Endert, Alex and Sanyal, Jibonananda and Chen, Jian},
	year = {2015},
	pages = {31--40}
}

@article{ausserhofer_datafication_2020,
	title = {The datafication of data journalism scholarship: Focal points, methods, and research propositions for the investigation of data-intensive newswork},
	volume = {21},
	number = {7},
	journal = {Journalism},
	author = {Ausserhofer, Julian and Gutounig, Robert and Oppermann, Michael and Matiasek, Sarah and Goldgruber, Eva},
	year = {2020},
	pages = {950--973}
}

@article{cui_textflow_2011,
	title = {Textflow: Towards better understanding of evolving topics in text},
	volume = {17},
	number = {12},
	journal = {IEEE Transactions on Visualization and Computer Graphics},
	author = {Cui, Weiwei and Liu, Shixia and Tan, Li and Shi, Conglei and Song, Yangqiu and Gao, Zekai and Qu, Huamin and Tong, Xin},
	year = {2011},
	pages = {2412--2421}
}

@article{padia_system_2019-1,
	title = {A system for generating storyline visualizations using hierarchical task network planning},
	volume = {78},
	journal = {Computers \& Graphics},
	author = {Padia, Kalpesh and Bandara, Kaveen Herath and Healey, Christopher G},
	year = {2019},
	pages = {64--75}
}

@article{tang_plotthread_2020-1,
	title = {Plotthread: Creating expressive storyline visualizations using reinforcement learning},
	volume = {27},
	number = {2},
	journal = {IEEE Transactions on Visualization and Computer Graphics},
	author = {Tang, Tan and Li, Renzhong and Wu, Xinke and Liu, Shuhan and Knittel, Johannes and Koch, Steffen and Yu, Lingyun and Ren, Peiran and Ertl, Thomas and Wu, Yingcai},
	year = {2020},
	pages = {294--303}
}

@article{sun_evoriver_2014,
	title = {EvoRiver: Visual analysis of topic coopetition on social media},
	volume = {20},
	number = {12},
	journal = {IEEE Transactions on Visualization and Computer Graphics},
	author = {Sun, Guodao and Wu, Yingcai and Liu, Shixia and Peng, Tai-Quan and Zhu, Jonathan JH and Liang, Ronghua},
	year = {2014},
	pages = {1753--1762}
}

@article{diaz_survey_2002,
	title = {A survey of graph layout problems},
	volume = {34},
	number = {3},
	journal = {ACM Computing Surveys},
	author = {Díaz, Josep and Petit, Jordi and Serna, Maria},
	year = {2002},
	pages = {313--356}
}

@article{coulter_construction_2009,
	title = {The construction zone: Literary elements in narrative research},
	volume = {38},
	number = {8},
	journal = {Educational Researcher},
	author = {Coulter, Cathy A and Smith, Mary Lee},
	year = {2009},
	pages = {577--590}
}

@article{tang_istoryline_2018-1,
	title = {iStoryline: Effective convergence to hand-drawn storylines},
	volume = {25},
	number = {1},
	journal = {IEEE Transactions on Visualization and Computer Graphics},
	author = {Tang, Tan and Rubab, Sadia and Lai, Jiewen and Cui, Weiwei and Yu, Lingyun and Wu, Yingcai},
	year = {2018},
	pages = {769--778}
}

@inproceedings{k_wongsuphasawat_lifeflow_2011,
	title = {LifeFlow: Visualizing an overview of event sequences.},
	booktitle = {Proceedings of the SIGCHI Conference on Human Factors in Computing Systems},
	author = {K. Wongsuphasawat, J. A. Guerra G´omez, C. Plaisant, T. D. Wang, M. Taieb-Maimon,  and Shneiderman, B.},
	year = {2011},
	pages = {1747--1756},
}

@inproceedings{arendt_y_2017,
	title = {The “y” of it matters, even for storyline visualization},
	booktitle = {Proceedings of the IEEE Conference on Visual Analytics Science and Technology},
	author = {Arendt, Dustin and Pirrung, Meg},
	year = {2017},
	pages = {81--91}
}

@inproceedings{van_dijk_computing_2017,
	title = {Computing storyline visualizations with few block crossings},
	booktitle = {Proceedings of the International Symposium on Graph Drawing and Network Visualization},
	author = {van Dijk, Thomas C and Lipp, Fabian and Markfelder, Peter and Wolff, Alexander},
	year = {2017},
	pages = {365--378}
}

@inproceedings{gronemann_crossing_2016,
	title = {Crossing minimization in storyline visualization},
	booktitle = {Proceedings of the International Symposium on Graph Drawing and Network Visualization},
	author = {Gronemann, Martin and Jünger, Michael and Liers, Frauke and Mambelli, Francesco},
	year = {2016},
	pages = {367--381}
}

@inproceedings{padia_yarn_2018,
	title = {Yarn: Generating storyline visualizations using HTN planning},
	booktitle = {Proceedings of the Graphics Interface},
	author = {Padia, Kalpesh and Bandara, Kaveen Herath and Healey, Christopher G},
	year = {2018},
	pages = {26--33},
}

@inproceedings{krstajic_incremental_2012,
	title = {Incremental visual text analytics of news story development},
	booktitle = {Proceedings of the Visualization and Data Analysis},
	author = {Krstajic, Milos and Najm-Araghi, Mohammad and Mansmann, Florian and Keim, Daniel A},
	year = {2012},
	pages = {829407}
}

@inproceedings{reda_visualizing_2011,
	title = {Visualizing the evolution of community structures in dynamic social networks},
	booktitle = {Proceedings of the Computer Graphics Forum},
	author = {Reda, Khairi and Tantipathananandh, Chayant and Johnson, Andrew and Leigh, Jason and Berger-Wolf, Tanya},
	year = {2011},
	pages = {1061--1070}
}

@inproceedings{kim_tracing_2010-1,
	title = {Tracing genealogical data with timenets},
	booktitle = {Proceedings of the International Conference on Advanced Visual Interfaces},
	author = {Kim, Nam Wook and Card, Stuart K and Heer, Jeffrey},
	year = {2010},
	pages = {241--248}
}

@inproceedings{dou_leadline_2012,
	title = {Leadline: Interactive visual analysis of text data through event identification and exploration},
	booktitle = {Proceedings of IEEE Conference on Visual Analytics Science and Technology},
	author = {Dou, Wenwen and Wang, Xiaoyu and Skau, Drew and Ribarsky, William and Zhou, Michelle X},
	year = {2012},
	pages = {93--102},
}

@inproceedings{ogawa_software_2010-1,
	title = {Software evolution storylines},
	booktitle = {Proceedings of the International Symposium on Software Visualization},
	author = {Ogawa, Michael and Ma, Kwan-Liu},
	year = {2010},
	pages = {35--42}
}

@inproceedings{plaisant_lifelines_1996,
	title = {LifeLines: Visualizing personal histories},
	booktitle = {Proceedings of the SIGCHI Conference on Human Factors in Computing Systems},
	author = {Plaisant, Catherine and Milash, Brett and Rose, Anne and Widoff, Seth and Shneiderman, Ben},
	year = {1996},
	pages = {221--227}
}

@inproceedings{aigner_planninglines_2005,
	title = {PlanningLines: Novel glyphs for representing temporal uncertainties and their evaluation},
	booktitle = {Proceedings of International Conference on Information Visualisation},
	author = {Aigner, Wolfgang and Miksch, Silvia and Thurnher, Bettina and Biffl, Stefan},
	year = {2005},
	pages = {457--463}
}

@inproceedings{fails_visual_2006,
	title = {A visual interface for multivariate temporal data: Finding patterns of events across multiple histories},
	booktitle = {Proceedings of the IEEE Symposium on Visual Analytics Science And Technology},
	author = {Fails, Jerry Alan and Karlson, Amy and Shahamat, Layla and Shneiderman, Ben},
	year = {2006},
	pages = {167--174}
}

@inproceedings{kumar_metadata_1998,
	title = {Metadata visualization for digital libraries: Interactive timeline editing and review},
	booktitle = {Proceedings of the ACM conference on Digital libraries},
	author = {Kumar, Vijay and Furuta, Richard and Allen, Robert B},
	year = {1998},
	pages = {126--133}
}

@inproceedings{andre_continuum_2007,
	title = {Continuum: Designing timelines for hierarchies, relationships and scale},
	booktitle = {Proceedings of the ACM Symposium on User Interface Software and Technology},
	author = {André, Paul and Wilson, Max L and Russell, Alistair and Smith, Daniel A and Owens, Alisdair and Schraefel, MC},
	year = {2007},
	pages = {101--110}
}

@inproceedings{stab_sematime-timeline_2010,
	title = {Sematime-timeline visualization of time-dependent relations and semantics},
	booktitle = {Proceedings of the International Symposium on Visual Computing},
	author = {Stab, Christian and Nazemi, Kawa and Fellner, Dieter W},
	year = {2010},
	pages = {514--523}
}

@inproceedings{beck_taxonomy_2017,
	title = {A taxonomy and survey of dynamic graph visualization},
	volume = {36},
	booktitle = {Proceedings of the Computer Graphics Forum},
	author = {Beck, Fabian and Burch, Michael and Diehl, Stephan and Weiskopf, Daniel},
	year = {2017},
	pages = {133--159}
}

@inproceedings{dignazio_feminist_2016,
	title = {Feminist data visualization},
	publisher = {Proceedings of the Workshop on Visualization for the Digital Humanities},
	author = {d’Ignazio, Catherine and Klein, Lauren F},
	year = {2016},
	pages = {1--5}
}

@incollection{plaisant_lifelines_2003,
	title = {LifeLines: Using visualization to enhance navigation and analysis of patient records},
	booktitle = {Proceedings of The Craft of Information Visualization},
	author = {Plaisant, Catherine and Mushlin, Richard and Snyder, Aaron and Li, Jia and Heller, Dan and Shneiderman, Ben},
	year = {2003},
	pages = {308--312}
}

@book{bal_narratology_2009,
	title = {Narratology: Introduction to the theory of narrative},
	publisher = {University of Toronto Press},
	author = {Bal, Mieke and Van Boheemen, Christine},
	year = {2009}
}

@misc{munroe_movie_nodate,
	title = {Movie Narrative Charts},
	author = {Munroe, R.},
	howpublished = {https://xkcd.com/657/},
}


@incollection{plaisant_lifelines_2003-1,
	title = {LifeLines: Using visualization to enhance navigation and analysis of patient records},
	booktitle = {The Craft of Information Visualization},
	author = {Plaisant, Catherine and Mushlin, Richard and Snyder, Aaron and Li, Jia and Heller, Dan and Shneiderman, Ben},
	year = {2003},
	pages = {308--312}
}

@inproceedings{plaisant_lifelines_1996-1,
	title = {LifeLines: Visualizing personal histories},
	booktitle = {Proceedings of the SIGCHI Conference on Human Factors in Computing Systems},
	author = {Plaisant, Catherine and Milash, Brett and Rose, Anne and Widoff, Seth and Shneiderman, Ben},
	year = {1996},
	pages = {221--227}
}

@inproceedings{aigner_planninglines_2005-1,
	title = {PlanningLines: Novel glyphs for representing temporal uncertainties and their evaluation},
	booktitle = {Proceedings of the International Conference on Information Visualisation},
	author = {Aigner, Wolfgang and Miksch, Silvia and Thurnher, Bettina and Biffl, Stefan},
	year = {2005},
	pages = {457--463}
}

@article{shi_rankexplorer_2012-1,
	title = {Rankexplorer: Visualization of ranking changes in large time series data},
	volume = {18},
	number = {12},
	journal = {IEEE Transactions on Visualization and Computer Graphics},
	author = {Shi, Conglei and Cui, Weiwei and Liu, Shixia and Xu, Panpan and Chen, Wei and Qu, Huamin},
	year = {2012},
	pages = {2669--2678}
}

@inproceedings{fails_visual_2006-1,
	title = {A visual interface for multivariate temporal data: Finding patterns of events across multiple histories},
	booktitle = {Proceedings of the IEEE Symposium on Visual Analytics Science and Technology},
	author = {Fails, Jerry Alan and Karlson, Amy and Shahamat, Layla and Shneiderman, Ben},
	year = {2006},
	pages = {167--174}
}

@article{coulter_construction_2009-1,
	title = {The construction zone: Literary elements in narrative research},
	volume = {38},
	number = {8},
	journal = {Educational Researcher},
	author = {Coulter, Cathy A. and Smith, Mary Lee},
	year = {2009},
	pages = {577--590}
}

@inproceedings{andre_continuum_2007-1,
	title = {Continuum: Designing timelines for hierarchies, relationships and scale},
	booktitle = {Proceedings of the ACM Symposium on User Interface Software and Technology},
	author = {André, Paul and Wilson, Max L. and Russell, Alistair and Smith, Daniel A. and Owens, Alisdair and Schraefel, M. C.},
	year = {2007},
	pages = {101--110}
}

@inproceedings{stab_sematime-timeline_2010-1,
	title = {Sematime-timeline visualization of time-dependent relations and semantics},
	booktitle = {Proceedings of the International Symposium on Visual Computing},
	author = {Stab, Christian and Nazemi, Kawa and Fellner, Dieter W.},
	year = {2010},
	pages = {514--523}
}

@article{sun_survey_2013-1,
	title = {A survey of visual analytics techniques and applications: State-of-the-art research and future challenges},
	volume = {28},
	number = {5},
	journal = {Journal of Computer Science and Technology},
	author = {Sun, Guo-Dao and Wu, Ying-Cai and Liang, Rong-Hua and Liu, Shi-Xia},
	year = {2013},
	pages = {852--867}
}

@inproceedings{dou_leadline_2012-1,
	title = {Leadline: Interactive visual analysis of text data through event identification and exploration},
	booktitle = {Proceedings of the IEEE Conference on Visual Analytics Science and Technology},
	author = {Dou, Wenwen and Wang, Xiaoyu and Skau, Drew and Ribarsky, William and Zhou, Michelle X.},
	year = {2012},
	pages = {93--102}
}

@article{ragan_characterizing_2015-1,
	title = {Characterizing provenance in visualization and data analysis: An organizational framework of provenance types and purposes},
	volume = {22},
	number = {1},
	journal = {IEEE Transactions on Visualization and Computer Graphics},
	author = {Ragan, Eric D. and Endert, Alex and Sanyal, Jibonananda and Chen, Jian},
	year = {2015},
	pages = {31--40}
}

@article{ausserhofer_datafication_2020-1,
	title = {The datafication of data journalism scholarship: Focal points, methods, and research propositions for the investigation of data-intensive newswork},
	volume = {21},
	number = {7},
	journal = {Journalism},
	author = {Ausserhofer, Julian and Gutounig, Robert and Oppermann, Michael and Matiasek, Sarah and Goldgruber, Eva},
	year = {2020},
	pages = {950--973}
}

@misc{r_movie_nodate,
	title = {Movie narrative charts},
	howpublished = {https://xkcd.com/657/},
	author = {R, Munroe},
}

@inproceedings{reda_visualizing_2011-1,
	title = {Visualizing the evolution of community structures in dynamic social networks},
	booktitle = {Proceedings of the Computer Graphics Forum},
	author = {Reda, Khairi and Tantipathananandh, Chayant and Johnson, Andrew and Leigh, Jason and Berger-Wolf, Tanya},
	year = {2011},
	pages = {1061--1070}
}

@article{cui_textflow_2011-1,
	title = {Textflow: Towards better understanding of evolving topics in text},
	volume = {17},
	number = {12},
	journal = {IEEE Transactions on Visualization and Computer Graphics},
	author = {Cui, Weiwei and Liu, Shixia and Tan, Li and Shi, Conglei and Song, Yangqiu and Gao, Zekai and Qu, Huamin and Tong, Xin},
	year = {2011},
	pages = {2412--2421}
}

@inproceedings{gronemann_crossing_2016-1,
	title = {Crossing minimization in storyline visualization},
	booktitle = {Proceedings of the International Symposium on Graph Drawing and Network Visualization},
	author = {Gronemann, Martin and Jünger, Michael and Liers, Frauke and Mambelli, Francesco},
	year = {2016},
	pages = {367--381}
}

@inproceedings{dijk_computing_2017,
	title = {Computing storyline visualizations with few block crossings},
	booktitle = {Proceedings of the International Symposium on Graph Drawing and Network Visualization},
	author = {Dijk, Thomas C. van and Lipp, Fabian and Markfelder, Peter and Wolff, Alexander},
	year = {2017},
	pages = {365--378}
}

@article{sun_evoriver_2014-1,
	title = {EvoRiver: Visual analysis of topic coopetition on social media},
	volume = {20},
	number = {12},
	journal = {IEEE Transactions on Visualization and Computer Graphics},
	author = {Sun, Guodao and Wu, Yingcai and Liu, Shixia and Peng, Tai-Quan and Zhu, Jonathan JH and Liang, Ronghua},
	year = {2014},
	pages = {1753--1762}
}

@inproceedings{zhao_matrixwave_2015,
	title = {Matrixwave: Visual comparison of event sequence data},
	booktitle = {Proceedings of the ACM Conference on Human Factors in Computing Systems},
	author = {Zhao, Jian and Liu, Zhicheng and Dontcheva, Mira and Hertzmann, Aaron and Wilson, Alan},
	year = {2015},
	pages = {259--268}
}

@inproceedings{riehmann_interactive_2005,
	title = {Interactive sankey diagrams},
	booktitle = {Proceedings of the IEEE Symposium on Information Visualization},
	author = {Riehmann, Patrick and Hanfler, Manfred and Froehlich, Bernd},
	year = {2005},
	pages = {233--240}
}

@article{wongsuphasawat_exploring_2012,
	title = {Exploring flow, factors, and outcomes of temporal event sequences with the outflow visualization},
	volume = {18},
	number = {12},
	journal = {IEEE Transactions on Visualization and Computer Graphics},
	author = {Wongsuphasawat, Krist and Gotz, David},
	year = {2012},
	pages = {2659--2668}
}

@inproceedings{perer_frequence_2014,
	title = {Frequence: Interactive mining and visualization of temporal frequent event sequences},
	booktitle = {Proceedings of the International Conference on Intelligent User Interfaces},
	author = {Perer, Adam and Wang, Fei},
	year = {2014},
	pages = {153--162}
}

@article{liu_coreflow_2017,
	author = {Liu, Zhicheng and Kerr, Bernard and Dontcheva, Mira and Grover, Justin and Hoffman, Matthew and Wilson, Alan},
	title = {CoreFlow: Extracting and Visualizing Branching Patterns from Event Sequences},
	journal = {Computer Graphics Forum},
	volume = {36},
	number = {3},
	pages = {527-538},
	year = {2017}
}


@article{cappers_exploring_2017,
	title = {Exploring multivariate event sequences using rules, aggregations, and selections},
	volume = {24},
	number = {1},
	journal = {IEEE Transactions on Visualization and Computer Graphics},
	author = {Cappers, Bram CM and van Wijk, Jarke J.},
	year = {2017},
	pages = {532--541}
}

@inproceedings{zgraggen_s_2015,
	title = {Visual regular expressions for querying and exploring event sequences},
	booktitle = {Proceedings of the ACM Conference on Human Factors in Computing Systems},
	author = {Zgraggen, Emanuel and Drucker, Steven M. and Fisher, Danyel and DeLine, Robert},
	year = {2015},
	pages = {2683--2692}
}

@article{tanahashi_efficient_2015,
	title = {An efficient framework for generating storyline visualizations from streaming data},
	volume = {21},
	number = {6},
	journal = {IEEE Transactions on Visualization and Computer Graphics},
	author = {Tanahashi, Yuzuru and Hsueh, Chien-Hsin and Ma, Kwan-Liu},
	year = {2015},
	pages = {730--742}
}

@article{shi_meetingvis_2018,
	title = {Meetingvis: Visual narratives to assist in recalling meeting context and content},
	volume = {24},
	number = {6},
	journal = {IEEE Transactions on Visualization and Computer Graphics},
	author = {Shi, Yang and Bryan, Chris and Bhamidipati, Sridatt and Zhao, Ying and Zhang, Yaoxue and Ma, Kwan-Liu},
	year = {2018},
	pages = {1918--1929}
}

@article{nollenburg_drawing_2010,
	title = {Drawing and labeling high-quality metro maps by mixed-integer programming},
	volume = {17},
	number = {5},
	journal = {IEEE Transactions on Visualization and Computer Graphics},
	author = {Nollenburg, Martin and Wolff, Alexander},
	year = {2010},
	pages = {626--641}
}

@article{hoffart_yago2_2013,
	title = {YAGO2: A spatially and temporally enhanced knowledge base from Wikipedia},
	volume = {194},
	journal = {Artificial Intelligence},
	author = {Hoffart, Johannes and Suchanek, Fabian M. and Berberich, Klaus and Weikum, Gerhard},
	year = {2013},
	pages = {28--61}
}

@misc{noauthor_hanlp_nodate,
	title = {{HanLp}},
	howpublished = {https://github.com/hankcs/HanLP},
}

@misc{noauthor_gurobi_nodate,
	title = {{Gurobi}},
	howpublished = {https://www.gurobi.com/},
}

@book{koffka_principles_2013,
	title = {Principles of Gestalt psychology},
	publisher = {Routledge},
	author = {Koffka, Kurt},
	year = {2013}
}

@article{behrens_art_1998,
	title = {Art, design and gestalt theory},
	volume = {31},
	number = {4},
	journal = {Leonardo},
	author = {Behrens, Roy R},
	year = {1998},
	pages = {299--303}
}
